@book{fenics_tutorial,
	place={Cham, Switzerland},
	title={Solving PDEs in Python: the FEniCS tutorial I},
	publisher={SpringerOpen},
	author={Langtangen, Hans Petter},
	year={2016}
}